@ARTICLE{Dan,
author = {Dantzig, G.B. and P. Wolfe},
year = 1960,
title = {Decomposition principle for linear programs},
journal = {Operations Research},
volume = 8,
pages = {101--111}
}

@MANUAL{guia1,
author ={PLI,ECG},
title ={Uso b\'asico de protel DXP},
}

@MANUAL{guia2,
author ={ECG, PLI},
title ={Uso avanzado de protel DXP},
}

@MANUAL{ir21091,
author ={IRF.com},
title ={IR21091(s) and (PbF). Datasheet},
}

@MANUAL{ir210xx,
author ={IRF.com},
title ={Using Monolithic High Voltage Gate Drivers},
}

@MANUAL{mosfet,
author ={CREE},
title ={CMF10120D-Silicon Carbide Power MOSFET},
}

@ARTICLE{intro,
author ={Trujillo F.D., Pozo A., Trivi\~no A.},
title ={Electr\'onica de potencia}
}
